@misc{Berni2025Proposal,
  author       = {Berni, Alberto},
  title        = {Generative Design of Control Pulses for Magic State Preparation via Neural Quantum States},
  year         = {2025},
  howpublished = {MEng Project Proposal, University of Southampton},
  month        = {October}
}

@misc{Berni2025ThesisSlides,
  author       = {Berni, Alberto},
  title        = {MEng Thesis Project Overview},
  year         = {2025},
  howpublished = {Project Presentation Slides, University of Southampton},
  month        = {October}
}

@misc{Berni2025Brief,
  author       = {Berni, Alberto},
  title        = {Generative Design of Control Pulses for Magic State Preparation via Neural Quantum States},
  year         = {2025},
  howpublished = {MEng Project Proposal, University of Southampton},
  month        = {October}
}

@article{Lange2024Review,
  author       = {Lange, Hannah and Van de Walle, Anka and Abedinnia, Atiye and Bohrdt, Annabelle},
  title        = {From Architectures to Applications: A Review of Neural Quantum States},
  year         = {2024},
  journal      = {arXiv preprint},
  eprint       = {2402.09402},
  archivePrefix= {arXiv},
  primaryClass = {cond-mat.dis-nn}
}

@article{Carleo2017Science,
  author     = {Carleo, Giuseppe and Troyer, Matthias},
  title      = {Solving the quantum many-body problem with artificial neural networks},
  journal    = {Science},
  volume     = {355},
  number     = {6325},
  pages      = {602-606},
  year       = {2017}
}

@book{NC2010,
  author     = {Nielsen, Michael A. and Chuang, Isaac L.},
  title      = {Quantum Computation and Quantum Information: 10th Anniversary Edition},
  publisher  = {Cambridge University Press},
  year       = {2010},
  address    = {USA},
  edition    = {10th}
}

@article{Bravyi2012,
  author       = {Bravyi, Sergey and Kitaev, Alexei},
  title        = {Universal quantum computation with ideal Clifford gates and noisy ancillas},
  journal      = {Physical Review A},
  volume       = {71},
  issue        = {2},
  pages        = {022316},
  year         = {2005},
  doi          = {10.1103/PhysRevA.71.022316}
}

@article{Raussendorf2007,
  author       = {Raussendorf, Robert and Harrington, Jim and Goyal, Kovid},
  title        = {A fault-tolerant one-way quantum computer},
  journal      = {Annals of Physics},
  volume       = {321},
  issue        = {9},
  pages        = {2242--2270},
  year         = {2006},
  doi          = {10.1016/j.aop.2006.01.012}
}

@article{Campbell2017,
  author       = {Campbell, Earl T. and Terhal, Barbara M. and Vuillot, Christophe},
  title        = {Roads towards fault-tolerant universal quantum computation},
  journal      = {Nature},
  volume       = {549},
  pages        = {172--179},
  year         = {2017},
  doi          = {10.1038/nature23460}
}

@article{Khaneja2005,
  author       = {Khaneja, Navin and Reiss, Timo and Kehlet, Christoph and Schulte-Herbr{\"u}ggen, Thomas and Glaser, Steffen J.},
  title        = {Optimal control of coupled spin dynamics: design of NMR pulse sequences by gradient ascent algorithms},
  journal      = {Journal of Magnetic Resonance},
  volume       = {172},
  issue        = {2},
  pages        = {296--305},
  year         = {2005},
  doi          = {10.1016/j.jmr.2004.11.004}
}

@article{Glaser2015,
  author       = {Glaser, S. J. and Boscain, U. and Calarco, T. and Koch, C. P. and K{\"o}ckenberger, W. and Kosloff, R. and Kuprov, I. and Luy, B. and Schirmer, S. and Schulte-Herbr{\"u}ggen, T. and Sugny, D. and Wilhelm, F. K.},
  title        = {Training Schr{\"o}dinger's cat: quantum optimal control},
  journal      = {The European Physical Journal D},
  volume       = {69},
  issue        = {12},
  pages        = {279},
  year         = {2015},
  doi          = {10.1140/epjd/e2015-60464-1}
}

@article{Machnes2011,
  author       = {Machnes, S. and Sander, U. and Glaser, S. J. and de Fouqui{\`e}res, P. and Gruslys, A. and Schirmer, S. and Schulte-Herbr{\"u}ggen, T.},
  title        = {Comparing, optimizing and benchmarking quantum control algorithms in a unifying programming framework},
  journal      = {Physical Review A},
  volume       = {84},
  issue        = {2},
  pages        = {022305},
  year         = {2011},
  doi          = {10.1103/PhysRevA.84.022305}
}

@article{Schaefer2020_dGRAPE,
  author       = {Sch{\"a}fer, F. and Kintscher, J. and Larrouy, T. and Gruslys, A. and Schulte-Herbr{\"u}ggen, T. and Glaser, S. J.},
  title        = {d-GRAPE: Differentiable GRAPE for Training Linear and Nonlinear Quantum Systems},
  journal      = {arXiv preprint arXiv:2010.03625},
  year         = {2020},
  eprint       = {2010.03625}
}

@article{Kelly2018,
  author       = {Kelly, Julian},
  title        = {A Preview of the Google Quantum AI Lab},
  year         = {2018},
  howpublished = {Talk at the International Conference on Quantum Communication, Measurement and Computing (QCMC)}
}

@article{Sharir2022,
  author       = {Sharir, Or and Levine, Yoav and Carleo, Giuseppe and Amnon, Shashua and Cohen, Nadav},
  title        = {The expressive power of neural-network quantum states},
  journal      = {Physical Review Research},
  volume       = {4},
  issue        = {3},
  pages        = {L032043},
  year         = {2022},
  doi          = {10.1103/PhysRevResearch.4.L032043}
}

@article{Carleo2012,
    author  = {Carleo, Giuseppe and Becca, Federico and Schir\`o, Marco and Fabrizio, Michele},
    title   = {Localization and glassy dynamics of many-body quantum systems},
    journal = {Scientific Reports},
    volume  = {2},
    pages   = {243},
    year    = {2012},
    doi     = {10.1038/srep00243}
}

@article{Tadahiro2015,
  author       = {Tadahiro, Sunaga and Takanori, Sugihara and Kazuhiro, Seki},
  title        = {Time-dependent variational Monte Carlo method for the Keldysh Green's functions},
  journal      = {Journal of the Physical Society of Japan},
  volume       = {84},
  issue        = {6},
  pages        = {064710},
  year         = {2015},
  doi          = {10.7566/JPSJ.84.064710}
}


@article{Schaefer2020_diffprog,
  author       = {Sch{\"a}fer, F. and Kalthoff, M. and Schlimgen, A. and Goerz, M. H. and Koch, C. P.},
  title        = {Quantum optimal control in a differentiable programming framework},
  journal      = {Physical Review A},
  volume       = {101},
  issue        = {5},
  pages        = {052321},
  year         = {2020},
  doi          = {10.1103/PhysRevA.101.052321}
}

@misc{Bergholm2018,
    title={PennyLane: Automatic differentiation of hybrid quantum-classical computations},
    author={Ville Bergholm and others},
    year={2018},
    eprint={1811.04968},
    archivePrefix={arXiv},
    primaryClass={quant-ph}
}

@article{Bradbury2018,
    author  = {Bradbury, James and Frostig, Roy and Hawkins, Peter and Johnson, Matthew James and Leary, Chris and Maclaurin, Dougal and Necula, George and Paszke, Adam and VanderPlas, Jake and Wanderman-Milne, Skye and Zhang, Qiao},
    title   = {JAX: composable transformations of Python+NumPy programs},
    journal = {GitHub repository},
    year    = {2018},
    url     = {http://github.com/google/jax}
}

@article{de_Brouwer2019,
  author       = {de Brouwer, Stijn and Oosterhuis, Walter and Welling, Max},
  title        = {The RKHS formulation of the adjoint method for training Neural ODEs},
  journal      = {arXiv preprint arXiv:1910.10424},
  year         = {2019},
  eprint       = {1910.10424}
}

@inproceedings{Innes2018,
  author    = {Mike Innes},
  title     = {Flux: Elegant machine learning with Julia},
  journal   = {Journal of Open Source Software},
  volume    = {3},
  number    = {25},
  pages     = {602},
  year      = {2018},
  doi       = {10.21105/joss.00602}
}

@article{Baydin2018,
  author    = {Atilim Gunes Baydin and Barak A. Pearlmutter and Alexey Andreyevich Radul and Jeffrey Mark Siskind},
  title     = {Automatic Differentiation in Machine Learning: a Survey},
  journal   = {Journal of Machine Learning Research},
  volume    = {18},
  pages     = {1-43},
  year      = {2018}
}

@article{Glasser2018,
  author       = {Glasser, Ivan and Pancotti, Nicola and August, Moritz and Rodriguez, Ivan D. and Cirac, J. Ignacio},
  title        = {Neural-Network Quantum States, String-Bond States, and Chiral Topological States},
  journal      = {Physical Review X},
  volume       = {8},
  issue        = {1},
  pages        = {011006},
  year         = {2018},
  doi          = {10.1103/PhysRevX.8.011006}
}

@article{Nomura2017,
  author       = {Nomura, Yusuke and Iwano, Noriaki and Otsuka, Takaharu},
  title        = {Variational study of the quantum spin liquid in the spin-1/2 J1-J2 Heisenberg model on the square lattice},
  journal      = {Physical Review B},
  volume       = {96},
  issue        = {22},
  pages        = {220406},
  year         = {2017},
  doi          = {10.1103/PhysRevB.96.220406}
}

@article{Westerhout2020,
    author  = {Westerhout, Tom and Astrakhantsev, Nikita and Tikhonov, Konstantin S. and Katsnelson, Mikhail I. and Bagrov, Andrey A.},
    title   = {Generalization properties of neural network approximations to frustrated magnet ground states},
    journal = {Nature Communications},
    volume  = {11},
    pages   = {1593},
    year    = {2020},
    doi     = {10.1038/s41467-020-15402-2}
}

@article{Liang2018,
  author       = {Liang, Xiao and Lin, Hui-Hai},
  title        = {Unsupervised machine learning for quantum many-body problems},
  journal      = {Physical Review B},
  volume       = {97},
  issue        = {20},
  pages        = {205118},
  year         = {2018},
  doi          = {10.1103/PhysRevB.97.205118}
}

@article{Choo2019,
  author       = {Choo, Kenny and Carleo, Giuseppe and Regnault, Nicolas and Neupert, Titus},
  title        = {Symmetries and Many-Body Excitations with Neural-Network Quantum States},
  journal      = {Physical Review Letters},
  volume       = {121},
  issue        = {16},
  pages        = {167204},
  year         = {2018},
  doi          = {10.1103/PhysRevLett.121.167204}
}

@article{HibatAllah2020,
    author = {Hibat-Allah, Mohamed and Ganahl, Martin and Hayward, Leigh E. and Melko, Roger G. and Carrasquilla, Juan},
    title = {Recurrent neural network wave functions},
    journal = {Physical Review Research},
    volume = {2},
    issue = {2},
    pages = {023358},
    year = {2020},
    doi = {10.1103/PhysRevResearch.2.023358}
}

@article{Sharir2020,
    author = {Sharir, Or and Levine, Yoav and Wies, Noam and Carleo, Giuseppe and Shashua, Amnon},
    title = {Deep Autoregressive Models for the Efficient Variational Simulation of Many-Body Quantum Systems},
    journal = {Physical Review Letters},
    volume = {124},
    issue = {2},
    pages = {020503},
    year = {2020},
    doi = {10.1103/PhysRevLett.124.020503}
}

@article{Vicentini2022,
    title   = {NetKet 3: Machine Learning Toolbox for Many-Body Quantum Systems},
    author  = {Vicentini, Filippo and others},
    journal = {SciPost Phys.},
    volume  = {12},
    pages   = {053},
    year    = {2022},
    doi     = {10.21468/SciPostPhys.12.2.053}
}

@article{Sinibaldi2023,
    title={The quantum algorithm zoo: a systematic literature review of quantum algorithms},
    author={Sinibaldi, Alessandro},
    journal={arXiv preprint arXiv:2311.08295},
    year={2023}
}

@inproceedings{Paszke2019,
    title = {PyTorch: An Imperative Style, High-Performance Deep Learning Library},
    author = {Paszke, Adam and others},
    booktitle = {Advances in Neural Information Processing Systems 32},
    pages = {8024--8035},
    year = {2019},
    publisher = {Curran Associates, Inc.}
}

@misc{Abadi2016,
    title={TensorFlow: Large-Scale Machine Learning on Heterogeneous Distributed Systems},
    author={Martín Abadi and others},
    year={2016},
    eprint={1603.04467},
    archivePrefix={arXiv},
    primaryClass={cs.DC}
}

@article{Ketkar2017,
    author  = {Ketkar, Nikhil},
    title   = {Introduction to PyTorch},
    journal = {Deep Learning with Python},
    pages   = {195-208},
    year    = {2017},
    doi     = {10.1007/978-1-4842-2766-4_12}
}

@article{Johansson2012,
  author       = {Johansson, J. R. and Nation, P. D. and Nori, Franco},
  title        = {QuTiP: An open-source Python framework for the dynamics of open quantum systems},
  journal      = {Computer Physics Communications},
  volume       = {183},
  issue        = {8},
  pages        = {1760--1772},
  year         = {2012},
  doi          = {10.1016/j.cpc.2012.02.021}
}

@article{Johansson2013,
  author       = {Johansson, J. R. and Nation, P. D. and Nori, Franco},
  title        = {QuTiP 2: A Python framework for the dynamics of open quantum systems},
  journal      = {Computer Physics Communications},
  volume       = {184},
  issue        = {4},
  pages        = {1234--1240},
  year         = {2013},
  doi          = {10.1016/j.cpc.2012.11.019}
}

@misc{QuTiP_docs,
  author       = {{The QuTiP development team}},
  title        = {{QuTiP}: Quantum Toolbox in Python},
  howpublished = {\url{http://qutip.org}},
  year         = {2024},
  note         = {Accessed: 2024-10-19}
}

@article{Rudolph2022,
    author  = {Rudolph, Terry},
    title   = {Why I am optimistic about the silicon-photonic route to quantum computing},
    journal = {APL Photonics},
    volume  = {7},
    issue   = {9},
    pages   = {090901},
    year    = {2022},
    doi     = {10.1063/5.0094769}
}

@book{Breuer2002,
  author    = {Breuer, Heinz-Peter and Petruccione, Francesco},
  title     = {The Theory of Open Quantum Systems},
  publisher = {Oxford University Press},
  year      = {2002},
  address   = {Oxford},
  isbn      = {978-0198520634}
}

@book{Gardiner2004,
  author    = {Gardiner, Crispin W. and Zoller, Peter},
  title     = {Quantum Noise: A Handbook of Markovian and Non-Markovian Quantum Stochastic Methods with Applications to Quantum Optics},
  publisher = {Springer},
  year      = {2004},
  series    = {Springer Series in Synergetics},
  isbn      = {978-3-540-22301-6}
}

@article{Haffner2005,
    author  = {H{\"a}ffner, H. and H{\"a}nsel, W. and Roos, C. F. and Benhelm, J. and Chek-al-kar, D. and Chwalla, M. and K{\"o}rber, T. and Rapol, U. D. and Riebe, M. and Schmidt, P. O. and Becher, C. and G{\"u}hne, O. and D{\"u}r, W. and Blatt, R.},
    title   = {Scalable multiparticle entanglement of trapped ions},
    journal = {Nature},
    volume  = {438},
    pages   = {643--646},
    year    = {2005},
    doi     = {10.1038/nature04279}
}

@article{James2001,
  author       = {James, D. F. V. and Kwiat, P. G. and Munro, W. J. and White, A. G.},
  title        = {Measurement of qubits},
  journal      = {Physical Review A},
  volume       = {64},
  issue        = {5},
  pages        = {052312},
  year         = {2001},
  doi          = {10.1103/PhysRevA.64.052312}
}

@article{Torlai2018,
  author       = {Torlai, Giacomo and Mazzola, Guglielmo and Carrasquilla, Juan and Troyer, Matthias and Melko, Roger and Carleo, Giuseppe},
  title        = {Neural-network quantum state tomography},
  journal      = {Nature Physics},
  volume       = {14},
  pages        = {447--450},
  year         = {2018},
  doi          = {10.1038/s41567-018-0048-5}
}

@article{Carrasquilla2019,
  author       = {Carrasquilla, Juan and Torlai, Giacomo and Melko, Roger G. and Aolita, Leandro},
  title        = {Reconstructing quantum states with generative models},
  journal      = {Nature Machine Intelligence},
  volume       = {1},
  pages        = {155--161},
  year         = {2019},
  doi          = {10.1038/s42256-019-0028-1}
}
